
@article{powers_evaluation_2011,
	title = {Evaluation: from precision, recall and {F}-measure to {ROC}, informedness, markedness and correlation},
	volume = {2},
	issn = {2229-3981},
	url = {http://dspace2.flinders.edu.au/xmlui/handle/2328/27165},
	number = {1},
	urldate = {2016-12-01},
	journal = {Journal of Machine Learning Technologies},
	author = {Powers, David Martin},
	month = feb,
	year = {2011},
	note = {00000},
	keywords = {landmark-paper},
	pages = {37--63},
}

@article{fowlkes_method_1983,
	title = {A {Method} for {Comparing} {Two} {Hierarchical} {Clusterings}},
	volume = {78},
	issn = {0162-1459},
	url = {https://www.jstor.org/stable/2288117},
	doi = {10.2307/2288117},
	number = {383},
	urldate = {2023-04-30},
	journal = {Journal of the American Statistical Association},
	author = {Fowlkes, E. B. and Mallows, C. L.},
	year = {1983},
	note = {Publisher: [American Statistical Association, Taylor \& Francis, Ltd.]},
	pages = {553--569},
}


@article{matthews_comparison_1975,
	title = {Comparison of the predicted and observed secondary structure of {T4} phage lysozyme},
	volume = {405},
	issn = {0005-2795},
	url = {https://www.sciencedirect.com/science/article/pii/0005279575901099},
	doi = {10.1016/0005-2795(75)90109-9},
	language = {en},
	number = {2},
	urldate = {2023-04-30},
	journal = {Biochimica et Biophysica Acta (BBA) - Protein Structure},
	author = {Matthews, B. W.},
	month = oct,
	year = {1975},
	pages = {442--451},
}


@article{sympy17, 
 title = {SymPy: symbolic computing in Python},
 author = {Meurer, Aaron and Smith, Christopher P. and Paprocki, Mateusz and \v{C}ert\'{i}k, Ond\v{r}ej and Kirpichev, Sergey B. and Rocklin, Matthew and Kumar, AMiT and Ivanov, Sergiu and Moore, Jason K. and Singh, Sartaj and Rathnayake, Thilina and Vig, Sean and Granger, Brian E. and Muller, Richard P. and Bonazzi, Francesco and Gupta, Harsh and Vats, Shivam and Johansson, Fredrik and Pedregosa, Fabian and Curry, Matthew J. and Terrel, Andy R. and Rou\v{c}ka, \v{S}t\v{e}p\'{a}n and Saboo, Ashutosh and Fernando, Isuru and Kulal, Sumith and Cimrman, Robert and Scopatz, Anthony},
 year = 2017,
 month = jan,
 keywords = {Python, Computer algebra system, Symbolics},
 volume = 3,
 pages = {e103},
 journal = {PeerJ Computer Science},
 issn = {2376-5992},
 url = {https://doi.org/10.7717/peerj-cs.103},
 doi = {10.7717/peerj-cs.103}
}
